2864 4850
271 317 361 442 w]
554 337 1019 496 censuario
1142 401 1149 414 ·

377 559 503 648 Vides,¹
535 549 700 632 carissime
720 561 948 645 Schneiderc,
971 561 1127 630 tenuisse
1147 543 1312 628 mailiud

277 677 469 760 consilium,
510 657 601 769 quod
632 683 726 773 saepe
756 681 1050 750 sermocinantibus
1081 677 1177 746 nobis
1213 674 1313 740 unica
1393 673 1399 682 ’

278 797 546 885 amplectendum
572 798 767 884 uideretur,
793 797 913 888 quum,
932 799 1000 887 ‘qui
1022 799 1104 865 bene
1127 793 1252 876 mereri
1272 789 1315 858 de

276 911 403 983 Plauto
431 916 528 985 bodie
555 921 678 1003 uellet,
710 919 744 986 ei
771 921 869 986 semel
892 924 984 985 certe
1004 939 1070 985 non
1091 913 1316 984 recensionem

275 1032 496 1102 exhibendam
517 1037 650 1105 fabulae
668 1036 846 1105 Plautinae
867 1037 1069 1122 diceremus,
1096 1011 1230 1125 qudlem
1244 1033 1319 1098 sere

210 1139 212 1146 ⁴
272 1171 302 1238 ‚a
324 1160 423 1240 poeta
445 1155 626 1242 proiectam
650 1177 840 1224 communes
861 1155 998 1223 criticae
1019 1147 1219 1239 artis’dege's
1246 1151 1321 1218 sua·
1401 1167 1408 1188 ¹

283 1249 419 1352 dorent,
450 1270 505 1338 sed
532 1273 647 1362 potius
674 1273 802 1342 omnem
826 1272 1025 1342 recensionis
1046 1251 1322 1340 mcmriam'dils·

283 1395 402 1472 genter
428 1391 686 1479 conquirendam
709 1388 745 1460 et
764 1392 814 1460 ita
837 1392 872 1460 in
893 1387 1068 1482 conspectu
1090 1387 1237 1458 omnium
1261 1407 1324 1476 po·
1400 1421 1403 1425 ·

211 1503 214 1510 '
283 1504 443 1589 nendum,
470 1508 528 1576 *bis
549 1517 588 1576 'ut
606 1511 686 1600 ipsis
707 1509 814 1602 liboso
835 1508 876 1577 de
898 1509 1037 1596 singulis
1058 1508 1248 1596 quibusque
1270 1505 1323 1572 iu-

285 1621 421 1698 dicandi
441 1627 536 1718 copia
553 1628 654 1697 esset.
699 1627 801 1716 Quod
820 1629 885 1720 etsi
906 1629 956 1696 sat
977 1627 1117 1716 sciebam
1132 1621 1324 1692 sedulitatis
1376 1611 1389 1632 ‘¹

284 1742 402 1829 potius
424 1744 489 1831 esse
511 1763 610 1834 quam
632 1747 842 1834 sagacitatis,
870 1753 980 1812 tamen
1002 1743 1117 1826 dedite
1132 1733 1326 1832 opera'spe-

287 1831 380 1928 ciani
402 1861 523 1943 sclum3
552 1864 578 1929 si
599 1863 681 1950 quid
701 1865 789 1930 sorte
804 1862 847 1928 ad
860 1860 1117 1948 redintegranda
1129 1861 1199 1950 ipsa
1218 1861 1327 1926 uerba
1414 1875 1415 1886 ¹

287 1983 414 2064 poetae
429 1958 627 2050 contulerim
649 1980 995 2064 innocentioribus,
1014 1977 1127 2069 (quod
1146 1977 1237 2046 baud
1260 1977 1327 2045 soso

199 2091 204 2106 ’
232 2165 233 2168 Ἴ
262 2119 270 2132 ·’
288 2115 334 2159 an
352 2093 483 2163 suetum
500 2099 542 2166 tit
563 2097 787 2186 identidem)
816 2097 969 2190 praestiti
990 2099 1052 2166 boc
1073 2091 1209 2186 praeter
1231 2095 1328 2164 debi-

226 2250 229 2262 ·
289 2217 363 2278 tum
387 2235 448 2281 nee
468 2216 601 2294 laudem
623 2239 665 2286 ex
686 2239 725 2286 eo
746 2237 890 2306 quaero,
926 2215 984 2284 sed
1002 2221 1161 2305 tanquam
1183 2212 1329 2284 subseci-

209 2381 213 2388 -
289 2347 408 2402 norum
428 2334 464 2402 in
485 2335 559 2404 loco
576 2335 695 2407 baberi
714 2337 805 2420 uolo.
846 2335 976 2406 Verum
999 2337 1137 2402 alteram
1158 2329 1349 2426 quandam¹

292 2475 358 2523 non
388 2453 490 2528 solius
514 2429 724 2542 diligentiae,
757 2453 814 2540 scd
839 2453 956 2522 iudicii
973 2450 1105 2521 laudem
1127 2453 1328 2544 appetebam
1364 2473 1367 2480 ·

294 2573 386 2640 sane:
423 2593 522 2662 quam
545 2571 681 2663 quidem
702 2571 800 2642 doleo
822 2573 934 2662 alique
955 2592 998 2640 cx
1017 2578 1115 2662 perte
1134 2561 1224 2640 nunc
1241 2578 1329 2640 atte-

157 2753 160 2768 ,
293 2692 394 2760 nuari
420 2667 568 2783 praetor,
585 2693 882 2782 exspectationem⁸⁶
932 2689 1080 2759 Etenim·
1096 2711 1210 2762 comm
1241 2692 1329 2759 sum·
1381 2737 1384 2742 -

177 2841 179 2848 ·
196 2897 200 2910 ‚
295 2827 402 2894 mam,
423 2833 508 2901 quae
525 2833 566 2879 ex
577 2793 578 2796 Ἴ
589 2813 776 2880 constructo
791 2792 883 2876 illius
899 2808 1059 2875 materiae
1072 2814 1237 2898 apparatu
1250 2832 1330 2878 con·

295 2928 436 2995 sectoris
458 2929 579 3007 essent,
607 2928 786 2994 statueram
809 2925 869 2992 boe
884 2926 958 2993 loco
972 2920 1224 3011 Prolego'menis
1237 2947 1331 2994 eom-

294 3043 415 3134 plecti,
444 3041 566 3132 quibus
586 3049 658 3109 tum
687 3042 910 3112 historiam
938 3041 1135 3120 criticam
1159 3044 1330 3113 sabulu-

227 3159 232 3168 '
295 3183 384 3229 rum
412 3159 707 3229 plautinarum
737 3161 893 3228 continua
923 3182 1028 3250 eaque
1055 3160 1185 3248 copiosa
1211 3185 1341 3232 narras

259 3301 263 3306 ·
296 3281 388 3348 tione
408 3277 640 3370 persequerer,
679 3287 751 3344 tum
769 3276 1030 3346 'emendandi
1053 3275 1203 3347 Plauti
1230 3289 1330 3367 gra·

237 3483 239 3488 ‚
296 3397 464 3466 nissim'a
494 3397 638 3484 capita
672 3383 899 3483 significarem.
932 3394 1026 3467 .Sed
1055 3396 1156 3463 aliter
1182 3405 1265 3467 θεῶν
1294 3403 1330 3469 ἐν

267 3559 273 3568 ι
296 3520 425 3602 γούνασι
451 3525 541 3582 sistro.
592 3512 682 3581 Nam
709 3535 810 3603 quum
838 3513 904 3581 iam
933 3515 968 3581 in
990 3536 1029 3582 eo
1052 3535 1172 3596 erom‚·
1194 3523 1233 3582 ut
1257 3519 1329 3606 pri-

298 3633 372 3700 dem
396 3633 536 3700 collecto
560 3632 687 3700 chartis
709 3628 915 3714 mandarem,
944 3653 1019 3700 ecce
1040 3634 1250 3723 necopinanti
1266 3637 1330 3703 mi-

267 3833 271 3839 .
298 3751 332 3816 hi
360 3752 557 3822 laetissimus
585 3752 722 3819 nuntius
752 3751 887 3832 asserui,
918 3752 989 3817 sore
1010 3759 1068 3832 ut,
1106 3773 1207 3838 quam
1225 3753 1329 3840 longo

160 3928 173 3951 ,
290 3883 339 3936 'cx
368 3877 517 3960 tempore
545 3872 579 3937 in
607 3869 842 3938 ardentiffimis
857 3861 959 3936 'uotis
988 3869 1185 3950 habueram,
1224 3872 1328 3961 ipsam

209 3997 212 4004 “
272 4011 277 4026 ’
299 3986 436 4090 ltaliom
458 3987 600 4058 adeundi
620 3989 764 4058 incultos
786 3969 1022 4058 tandem-'mihi
1042 3986 1250 4074 contingeret
1270 4009 1328 4056 nc·
